@article{mj,
  title = {Direct calculation of interfacial tension for lattice models by the Monte Carlo method},
  author = {Mon, K. K. and Jasnow, David},
  journal = {Phys. Rev. A},
  volume = {30},
  issue = {1},
  pages = {670--673},
  numpages = {0},
  year = {1984},
  month = {Jul},
  publisher = {American Physical Society},
  doi = {10.1103/PhysRevA.30.670},
  url = {https://link.aps.org/doi/10.1103/PhysRevA.30.670}
}
