@misc{assignment,
  author = {Kjellstadli, J. T. and Sala, A. and Simonsen, I.},
  title = {Assignment 3: The World of Quantum Mechanics},
  year = {2020},
  howpublished = {\url{http://web.phys.ntnu.no/~ingves/Teaching/TFY4235/Assignments/TFY4235_Assignment_03.pdf}},
}

@book{hemmer1985kvantemekanikk,
	title={Kvantemekanikk},
	author={Hemmer, Per Christian},
	year={2005},
	publisher={Tapir Akademiske Forlag},
	edition=5
}

@ARTICLE{2020SciPy-NMeth,
	author = {{Virtanen}, Pauli and {Gommers}, Ralf and {Oliphant},
	Travis E. and {Haberland}, Matt and {Reddy}, Tyler and
	{Cournapeau}, David and {Burovski}, Evgeni and {Peterson}, Pearu
	and {Weckesser}, Warren and {Bright}, Jonathan and {van der Walt},
	St{\'e}fan J.  and {Brett}, Matthew and {Wilson}, Joshua and
	{Jarrod Millman}, K.  and {Mayorov}, Nikolay and {Nelson}, Andrew
	R.~J. and {Jones}, Eric and {Kern}, Robert and {Larson}, Eric and
	{Carey}, CJ and {Polat}, {\.I}lhan and {Feng}, Yu and {Moore},
	Eric W. and {Vand erPlas}, Jake and {Laxalde}, Denis and
	{Perktold}, Josef and {Cimrman}, Robert and {Henriksen}, Ian and
	{Quintero}, E.~A. and {Harris}, Charles R and {Archibald}, Anne M.
	and {Ribeiro}, Ant{\^o}nio H. and {Pedregosa}, Fabian and
	{van Mulbregt}, Paul and {Contributors}, SciPy 1. 0},
	title = "{SciPy 1.0: Fundamental Algorithms for Scientific
	Computing in Python}",
	journal = {Nature Methods},
	year = "2020",
	volume={17},
	pages={261--272},
	adsurl = {https://rdcu.be/b08Wh},
	doi = {https://doi.org/10.1038/s41592-019-0686-2},
}